@Book{xie2015,
  title = {Dynamic Documents with {R} and knitr},
  author = {Yihui Xie},
  publisher = {Chapman and Hall/CRC},
  address = {Boca Raton, Florida},
  year = {2015},
  edition = {2nd},
  note = {ISBN 978-1498716963},
  url = {http://yihui.org/knitr/},
}
@Book{shop-class,
  title = {Shop Class As Soulcraft: An Inquiry into the Value of Work},
  author = {Matthew B. Crawford},
  year = {2009},
}